!TRNS	TRNSTYPE	DATE	ACCNT	NAME	AMOUNT	MEMO
!SPL	TRNSTYPE	DATE	ACCNT	NAME	AMOUNT	MEMO
!ENDTRNS
TRNS	DEPOSIT	01/14/2026	Huntington X4497	Bank Card	1455.41	BANKCARD8076MTOTDEP 250101554402009790684
SPL	DEPOSIT	01/14/2026	Sales	Bank Card	-1455.41	BANKCARD8076MTOTDEP 250101554402009790684
ENDTRNS
TRNS	DEPOSIT	01/14/2026	Huntington X4497	Bank Card	1277.54	BANKCARD8076MTOTDEP 241231554402009790684
SPL	DEPOSIT	01/14/2026	Sales	Bank Card	-1277.54	BANKCARD8076MTOTDEP 241231554402009790684
ENDTRNS
TRNS	DEPOSIT	01/14/2026	Huntington X4497	Vikalp - Stripe	1234.97	Vikalp STRIPETRANSFER ST-K3J2A5D4P9S7
SPL	DEPOSIT	01/14/2026	Sales	Vikalp - Stripe	-1234.97	Vikalp STRIPETRANSFER ST-K3J2A5D4P9S7
ENDTRNS